% Encoding: UTF-8

@Article{,
  title = {Dies ist ein TEst},
}

@Comment{jabref-meta: databaseType:bibtex;}
